3000 5100
16 249 22 270 ·
143 205 1279 406 *3563'BlssmOTHssLdT1N1TAEESss1Ts
1382 238 1387 246 ’

252 458 341 534 sotii,
354 456 490 534 bartoli„
511 456 603 531 Baldi,
623 454 786 531 Alexandri,
806 452 919 532 Jasonic
929 453 1111 541 aliorumque
1125 457 1315 531 horridorum
1323 478 1363 519 ae
1380 456 1462 541 sqtta·

255 544 381 609 lidonuu
401 562 535 610 mitorum
554 544 716 609 barbariem
737 564 768 602 at
787 541 928 603 scritatem
941 548 1153 625 quamprimum
1167 549 1307 627 opinione
1324 550 1461 605 omnium

256 625 376 693 celeriiu
389 629 555 691 incidamus.
598 634 675 691 Haec
687 648 810 711 natuque
829 627 873 688 let
892 626 944 699 fati
958 631 989 688 in
1005 630 1135 693 humanis
1149 648 1286 731 perpetua
1304 626 1380 689 solet
1399 628 1461 701 ess'c,

256 732 287 779 ut
308 717 344 778 ad
363 714 504 777 summum
525 714 659 801 perdudla
672 736 729 774 non
748 712 891 773 sububam
905 700 973 782 diu,
998 733 1049 775 uec
1063 714 1234 799 pedetentim
1251 716 1461 793 regrediantur,

255 818 288 864 ut
301 798 443 882 progressa
458 796 540 877 sunt,
561 797 608 861 sed
622 797 714 859 multo
728 798 895 866 descendant
909 802 1010 875 citius,
1031 820 1117 883 quam
1128 799 1346 879 adscenderunt,
1371 800 1463 859 multo

258 886 421 949 relabantur
435 886 573 960 velocius,
588 906 673 969 quant
689 882 805 951 {iterant
819 900 960 967 promota.
1006 882 1088 945 Nolo
1101 884 1233 967 equidem
1243 884 1322 945 male
1337 900 1391 945 aut
1404 884 1464 943 sini·

253 975 304 1034 stri
316 969 462 1056 quidpiam
478 974 618 1046 ominari,
639 991 691 1029 nee
703 969 813 1055 debeo:
837 971 866 1029 Si
881 988 974 1031 tamen
988 966 1119 1053 tenipota
1132 969 1319 1053 adspiciuntur
1334 968 1463 1052 praesen.

132 1051 161 1127 ¹,
259 1058 299 1119 tia
310 1072 347 1133 ¹et
369 1054 468 1139 paulin
486 1054 692 1122 considerentur
714 1056 866 1127 curiosius,
894 1054 1028 1118 ridentur
1050 1075 1129 1119 cetto
1143 1060 1294 1117 imminere
1308 1077 1363 1133 ea,
1396 1078 1464 1138 quae

255 1140 382 1207 Ecclesile
400 1158 427 1202 et
444 1142 607 1224 Rebtupub.
630 1136 888 1225 periculosissimae,
899 1143 904 1169 ¹
915 1162 951 1203 ne
970 1138 1040 1223 quid
1056 1146 1173 1219 graviua,
1187 1140 1295 1213 dicam,
1328 1146 1463 1203 mutatio

258 1248 319 1301 net,
332 1228 440 1290 Scholia
458 1252 484 1288 v.
500 1227 686 1305 gratilliutam
702 1224 863 1287 litteratum
879 1228 1008 1289 omnium
1023 1232 1135 1289 nn'nnn
1150 1228 1201 1289 siut
1220 1226 1356 1289 allatura.
1389 1226 1463 1301 Qu

262 1318 341 1375 enim
364 1314 415 1373 sibi
432 1310 533 1385 volunt
547 1310 627 1373 aliud
640 1308 683 1373 tot
698 1328 813 1393 tamque
828 1315 964 1373 acerrima
978 1332 1029 1397 per
1044 1328 1133 1375 totam
1147 1316 1290 1397 Europam
1304 1336 1374 1373 cum
1392 1317 1464 1393 prin·

91 1454 95 1464 ,
127 1458 133 1473 ,
261 1402 358 1482 eipunt
378 1403 454 1459 inter
478 1397 525 1469 se,
552 1414 611 1458 tum
625 1397 789 1481 principum
804 1412 832 1458 et
847 1395 1025 1459 subditorum
1039 1390 1212 1461 t‘ertantina'l
1240 1398 1313 1483 quid
1330 1402 1464 1459 minitan-

227 1490 232 1505 '
261 1481 401 1564 tutaliud
414 1481 489 1543 bella
503 1481 553 1544 illa
567 1504 626 1543 non
642 1480 727 1555 bella,
749 1485 780 1541 in
795 1482 858 1565 ipfia
872 1485 1042 1565 Germaniae
1058 1482 1211 1547 visceribuc
1223 1479 1315 1566 nuper
1330 1488 1465 1545 excitata!

265 1569 345 1645 Quid
368 1568 477 1630 divinat
490 1566 568 1631 aliud
582 1590 641 1628 uon
653 1569 716 1629 heic
730 1582 869 1643 tamtum,
896 1568 943 1629 sed
956 1562 1050 1653 pasfim
1067 1570 1193 1647 gentium
1207 1570 1341 1650 pertinax
1357 1572 1409 1629 isia
1422 1575 1463 1630 Fc-

147 1668 175 1739 ⁵,
241 1654 403 1721 ·‹lestauici
421 1653 539 1716 Ordinis
551 1670 578 1715 et
588 1652 700 1715 Politiei
715 1651 862 1715 dillenfioi
902 1654 981 1729 Quid
996 1652 1377 1737 detthtreuobirpraedieit
1392 1654 1464 1713 altud

156 1754 166 1787 ·‘
263 1745 296 1803 in
317 1742 372 1802 hoc
393 1741 483 1800 enan
498 1738 712 1822 Megapolitano
732 1736 869 1811 celfisstnti
882 1754 968 1822 atque
983 1739 1156 1803 illuslrissimi
1170 1744 1309 1825 principia
1326 1738 1426 1801 Caroli
1439 1764 1462 1813 p.

263 1849 303 1888 m.
324 1848 383 1886 non
403 1842 585 1910 praematura
605 1822 656 1885 illa
676 1825 794 1905 quidem
819 1820 865 1883 sed
886 1822 1030 1909 plerisque
1053 1826 1205 1909 peracerba
1223 1813 1302 1887 mota
1327 1839 1416 1908 atque
1427 1824 1462 1883 la·

265 1910 380 1995 ¹bletosai
422 1908 556 1973 Profedio
580 1910 630 1969 nifi
646 1911 752 1989 gemitu
767 1926 794 1970 et
806 1908 931 1993 suspiriit
948 1914 1036 1975 nubea
1050 1916 1222 1995 intempore
1236 1931 1462 1993 perrumperent,

268 1998 320 2057 nisi
343 1996 492 2069 lachrymis
507 1993 615 2055 eaelum
628 2016 843 2077 oppugnemus,
869 1998 920 2056 nist
938 2000 993 2079 piis
1006 2000 1138 2083 precibus
1152 1992 1355 2073 coelestiliegi
1369 1999 1413 2055 eia
1424 1996 1463 2055 ad·

203 2130 205 2139 .
264 2084 416 2155 hibeatur,
435 2080 517 2141 brevi
531 2096 579 2140 aut
591 2076 666 2140 solae
681 2080 817 2163 peribunt
830 2080 954 2159 litterae,
975 2098 1024 2143 aut
1038 2103 1090 2142 uos
1104 2104 1167 2143 cum
1183 2078 1258 2153 illice
1280 2082 1367 2163 quod
1380 2083 1463 2165 paile-

214 2186 222 2193 '
266 2171 328 2231 eiua
341 2164 498 2250 optandum
512 2168 608 2249 potine
624 2164 707 2240 esset,
729 2164 944 2227 fialterutrum.
988 2170 1028 2228 Ex
1043 2167 1153 2233 duobus
1169 2170 1218 2250 qui
1239 2189 1275 2249 pe
1288 2163 1378 2229 utalia
1395 2162 1462 2249 quod

269 2255 422 2323 minimum
443 2253 501 2330 eli,
527 2248 595 2330 eligi
612 2250 711 2313 stretlet
724 2252 816 2327 ratio,
845 2253 943 2327 jubent
958 2250 1134 2335 Philosophi.
1177 2190 1306 2334 sedquo
1324 2254 1463 2313 abducar!

270 2342 319 2402 Ne
336 2343 500 2421 eujutquatn
525 2340 650 2398 nimium
670 2353 819 2420 quamtum
838 2337 940 2411 abutar
954 2340 1117 2421 aequitate,
1144 2336 1305 2399 naviculam
1322 2340 1356 2401 in
1369 2356 1462 2399 terram

251 2496 254 2500 ¹
270 2420 413 2504 subduco,
435 2437 520 2507 atque
533 2422 595 2481 heie
608 2422 679 2485 fillo.
722 2426 875 2485 Caeterum
890 2424 960 2496 tibi,
982 2426 1130 2501 Magnifice
1145 2426 1260 2499 Reum,
1279 2426 1381 2493 vobis,
1404 2426 1463 2496 PC,

266 2505 650 2596 praeceptorea'observaudi
659 2550 669 2582 ,
696 2507 778 2570 ¹tobia
792 2512 878 2582 item,
904 2510 981 2570 civca
993 2510 1195 2586 bonelliffinti,
1214 2509 1396 2583 contribules
1410 2510 1465 2571 rba·

270 2594 390 2668 tissimi,
413 2598 518 2672 gratian
531 2595 623 2655 habeo
638 2610 728 2676 atquo
739 2615 811 2672 ago,
831 2615 890 2655 non
903 2615 972 2676 quat
985 2594 1094 2670 debeo,
1116 2594 1162 2657 sed
1176 2617 1244 2678 quaa
1259 2593 1395 2679 palliam,
1415 2617 1464 2654 nta-

268 2684 376 2756 ximat,
402 2701 467 2742 eum
490 2680 569 2762 quod
588 2670 678 2743 nistra
696 2701 743 2740 tne
763 2678 920 2762 praesentia
940 2696 997 2744 tam
1019 2683 1144 2758 benigne
1158 2702 1279 2754 ornare,
1305 2697 1373 2742 tum
1389 2685 1464 2741 etiam

248 2836 251 2843 ι
270 2765 350 2849 qnod
369 2781 425 2826 tam
438 2787 484 2844 me
496 2782 602 2839 attente
619 2763 747 2826 volatistic
762 2761 933 2828 auscultate:
956 2771 1016 2846 Ego
1029 2767 1147 2831 viciss'tm
1155 2769 1297 2828 Dominot
1311 2787 1464 2850 praecepto

269 2873 316 2913 rea
331 2850 439 2912 summa
454 2852 542 2912 animi
557 2851 754 2920 observantia,
774 2853 914 2913 Dominoa
927 2850 1136 2915 commilitones
1153 2853 1215 2936 pati
1231 2851 1340 2927 sludio,
1360 2852 1463 2935 quanda

170 3029 178 3061 ἱ
268 2941 417 3094 :paripate
431 2957 484 3067 'tae
503 2933 550 3000 vel
568 2935 704 2999 beneficia
724 2933 773 3000 vel
795 2935 889 2999 officia
909 2937 1047 3048 proficisci
1062 2943 1224 3067 nequeunt,
1250 2941 1369 3022 LMque
1382 2958 1463 2998 temu-

639 3113 990 3225 'autemnam
1084 3091 1144 3210 ‚⁶
1255 3133 1259 3140 '

139 3315 144 3322 ·
249 3331 253 3337 ·
302 3292 445 3360 benevole
455 3291 567 3370 ledor,
587 3307 620 3357 ut
632 3294 738 3380 probet
748 3278 883 3356 animittu
897 3314 970 3376 qnae
985 3313 1048 3355 cunt
1061 3291 1125 3356 aliia
1140 3313 1193 3378 pro
1207 3291 1343 3374 Linguae
1355 3296 1461 3360 Latinae

177 3408 182 3419 ¹
230 3436 235 3443 ,
262 3379 412 3464 opulentia
434 3380 641 3463 elegantiaque·
654 3379 853 3460 generalitera
869 3401 913 3443 me
930 3380 1004 3442 dicta
1016 3377 1098 3454 sunt,
1122 3377 1262 3463 adponam
1282 3381 1340 3440 lure
1356 3381 1460 3466 paumlt

215 3525 220 3532 ,
266 3472 299 3528 in
312 3481 391 3530 tuam
406 3471 529 3549 grauun
541 3487 577 3527 ex
592 3469 646 3538 iit,
674 3487 748 3548 quae
765 3482 863 3528 contra
881 3463 1057 3540 Graeculos,
1077 3465 1236 3526 sermonem
1250 3467 1405 3544 nostrum,
1424 3487 1461 3524 nc·

265 3550 325 3615 seio
349 3559 426 3628 eujut
449 3554 564 3633 inopiae
581 3566 609 3612 et
623 3551 776 3629 disgratiae
790 3549 997 3624 infimulantea,
1025 3553 1110 3612 habet
1124 3549 1335 3614 inlusltillimua
1352 3553 1461 3633 Reipub.

265 3635 419 3703 litterariae
436 3641 570 3713 Senator,
596 3638 626 3714 1.
636 3636 774 3716 Scaliger:
802 3639 831 3698 id
849 3637 929 3720 quod
941 3641 1028 3720 aequi
1044 3635 1173 3721 consular
1189 3658 1220 3700 ac
1233 3637 1322 3713 boni,
1350 3635 1460 3722 postulo.

262 3727 354 3787 Orate
368 3721 480 3808 mquid
493 3742 576 3806 opus,
596 3723 676 3807 quod
689 3726 789 3804 negari
805 3743 864 3786 non
876 3723 990 3806 potest?
1318 3715 1322 3722 ’

255 3909 259 3913 ’
305 3891 424 3980 &atius
440 3893 553 3980 δαείην
567 3873 726 3978 Scaliger,
755 3893 943 3976 Praeceptor
962 3888 1131 3964 Vua‘tntt‘s,
1161 3889 1200 3954 Ia
1219 3859 1376 3958 uratum
1397 3892 1428 3958 de

468 3979 920 4064 nabulaepumAraotdmn
932 3973 1263 4046 Faenium'Auicum:

300 4114 438 4200 Equidem
458 4121 498 4180 ita
514 4117 577 4181 sato
591 4120 727 4204 quopiam
740 4115 864 4180 evenisse
876 4107 965 4188 reor,
989 4115 1040 4175 ubi
1055 4059 1269 4176 uttunrmhffu
1283 4113 1370 4176 orbi·
1387 4131 1459 4176 terta
1490 4155 1491 4208 ,

173 4235 177 4243 ·
261 4217 328 4260 rum
351 4203 468 4284 imperii
486 4203 682 4281 domicilium,
710 4223 747 4266 eo
768 4207 799 4264 in
821 4201 887 4263 loco
909 4201 1029 4264 solidam
1045 4200 1228 4282 sapientiam,
1255 4199 1460 4275 invidlttntani·
1490 4211 1491 4288 l

164 4314 170 4333 ·
259 4303 375 4345 motum
395 4291 504 4368 robur,
532 4293 755 4374 parcimoniam,
785 4291 996 4358 ittnoeentiamc
1025 4281 1242 4363 furgalitatem,
1270 4287 1459 4370 mundissimae
1490 4299 1491 4320 ¹

206 4384 212 4404 '
252 4371 489 4462 'iavissituaeque
499 4379 644 4454 orationi·
659 4377 751 4441 traslu
767 4378 903 4462 flexitque
916 4373 1002 4454 striilje
1012 4369 1217 4462 explicandam.

1336 4477 1453 4579 can·
